% This file was created with JabRef 2.6.
% Encoding: UTF-8

@PREAMBLE{
"\def\cprime{$'$} "
}

@BOOK{MR594432,
  title = {Hopf algebras},
  publisher = {Cambridge University Press},
  year = {1980},
  author = {Abe, Eiichi},
  volume = {74},
  pages = {xii+284},
  series = {Cambridge Tracts in Mathematics},
  address = {Cambridge},
  note = {Translated from the Japanese by Hisae Kinoshita and Hiroko Tanaka},
  isbn = {0-521-22240-0},
  mrclass = {16A24 (14L17)},
  mrnumber = {MR594432 (83a:16010)}
}

@BOOK{MR1369573,
  title = {Groups and representations},
  publisher = {Springer-Verlag},
  year = {1995},
  author = {Alperin, J. L. and Bell, Rowen B.},
  volume = {162},
  pages = {x+194},
  series = {Graduate Texts in Mathematics},
  address = {New York},
  isbn = {0-387-94525-3},
  mrclass = {20-01},
  mrnumber = {MR1369573 (96m:20001)},
  mrreviewer = {David Chillag}
}

@INCOLLECTION{MR1907185,
  author = {Andruskiewitsch, Nicol{\'a}s},
  title = {About finite dimensional {H}opf algebras},
  booktitle = {Quantum symmetries in theoretical physics and mathematics ({B}ariloche,
	2000)},
  publisher = {Amer. Math. Soc.},
  year = {2002},
  volume = {294},
  series = {Contemp. Math.},
  pages = {1--57},
  address = {Providence, RI},
  mrclass = {16W30},
  mrnumber = {1907185 (2003f:16059)},
  mrreviewer = {Akira Masuoka}
}

@ARTICLE{MR2314501,
  author = {Andruskiewitsch, Nicol{\'a}s and Fantino, Fernando},
  title = {On pointed {H}opf algebras associated with unmixed conjugacy classes
	in {$\Bbb S\sb m$}},
  journal = {J. Math. Phys.},
  year = {2007},
  volume = {48},
  pages = {033502, 26},
  number = {3},
  coden = {JMAPAQ},
  fjournal = {Journal of Mathematical Physics},
  issn = {0022-2488},
  mrclass = {16W30 (20F40 20F45)},
  mrnumber = {MR2314501 (2008c:16053)},
  mrreviewer = {Leonid Krop}
}

@ARTICLE{MR2389459,
  author = {Andruskiewitsch, Nicol{\'a}s and Fantino, Fernando},
  title = {On pointed {H}opf algebras associated with alternating and dihedral
	groups},
  journal = {Rev. Un. Mat. Argentina},
  year = {2007},
  volume = {48},
  pages = {57--71 (2008)},
  number = {3},
  coden = {RMAFAG},
  fjournal = {Revista de la Uni\'on Matem\'atica Argentina},
  issn = {0041-6932},
  mrclass = {16W30},
  mrnumber = {MR2389459 (2009c:16107)},
  mrreviewer = {Istv{\'a}n Heckenberger}
}

@ARTICLE{MR1994219,
  author = {Andruskiewitsch, Nicol{\'a}s and Gra{\~n}a, Mat{\'{\i}}as},
  title = {From racks to pointed {H}opf algebras},
  journal = {Adv. Math.},
  year = {2003},
  volume = {178},
  pages = {177--243},
  number = {2},
  coden = {ADMTA4},
  doi = {10.1016/S0001-8708(02)00071-3},
  fjournal = {Advances in Mathematics},
  issn = {0001-8708},
  mrclass = {16W30 (17B37 57M27)},
  mrnumber = {1994219 (2004i:16046)},
  mrreviewer = {Ian M. Musson},
  url = {http://dx.doi.org/10.1016/S0001-8708(02)00071-3}
}

@ARTICLE{MR2065444,
  author = {Andruskiewitsch, Nicol{\'a}s and Gra{\~n}a, Mat{\'{\i}}as},
  title = {Examples of liftings of {N}ichols algebras over racks},
  journal = {AMA Algebra Montp. Announc.},
  year = {2003},
  pages = {Paper 1, 6 pp. (electronic)},
  note = {Th{\'e}ories d'homologie, repr{\'e}sentations et alg{\`e}bres de
	Hopf},
  fjournal = {AMA. Algebra Montpellier Announcements},
  mrclass = {16W30},
  mrnumber = {MR2065444}
}

@ARTICLE{cubic,
   author = {{Heckenberger}, I. and {Lochmann}, A. and {Vendramin}, L.},
    title = {Braided racks, {H}urwitz actions and {N}ichols algebras with many cubic relations},
  journal = {Transform. Groups},
     year = {2012},
   volume = {17},
   number = {1},
    pages = {157--194}
}

@ARTICLE{MR1714540,
  author = {Andruskiewitsch, Nicol{\'a}s and Gra{\~n}a, Mat{\'{\i}}as},
  title = {Braided {H}opf algebras over non-abelian finite groups},
  journal = {Bol. Acad. Nac. Cienc. (C\'ordoba)},
  year = {1999},
  volume = {63},
  pages = {45--78},
  note = {Colloquium on Operator Algebras and Quantum Groups (Spanish) (Vaquer{\'{\i}}as,
	1997)},
  fjournal = {Boletin de la Academia Nacional de Ciencias},
  issn = {0325-2051},
  mrclass = {16W30 (18D10)},
  mrnumber = {MR1714540 (2001b:16039)},
  mrreviewer = {Horia Pop}
}

@ARTICLE{MR2732981,
  author = {Andruskiewitsch, Nicol{\'a}s and Radford, David and Schneider, Hans-J{\"u}rgen},
  title = {Complete reducibility theorems for modules over pointed {H}opf algebras},
  journal = {J. Algebra},
  year = {2010},
  volume = {324},
  pages = {2932--2970},
  number = {11},
  coden = {JALGA4},
  doi = {10.1016/j.jalgebra.2010.06.002},
  fjournal = {Journal of Algebra},
  issn = {0021-8693},
  mrclass = {16T05},
  mrnumber = {2732981},
  url = {http://dx.doi.org/10.1016/j.jalgebra.2010.06.002}
}

@ARTICLE{MR1659895,
  author = {Andruskiewitsch, N. and Schneider, H.-J.},
  title = {Lifting of quantum linear spaces and pointed {H}opf algebras of order
	{$p\sp 3$}},
  journal = {J. Algebra},
  year = {1998},
  volume = {209},
  pages = {658--691},
  number = {2},
  coden = {JALGA4},
  doi = {10.1006/jabr.1998.7643},
  fjournal = {Journal of Algebra},
  issn = {0021-8693},
  mrclass = {16W30},
  mrnumber = {1659895 (99k:16075)},
  mrreviewer = {Stefaan Caenepeel},
  url = {http://dx.doi.org/10.1006/jabr.1998.7643}
}

@ARTICLE{MR2630042,
  author = {Andruskiewitsch, Nicol{\'a}s and Schneider, Hans-J{\"u}rgen},
  title = {On the classification of finite-dimensional pointed {H}opf algebras},
  journal = {Ann. of Math. (2)},
  year = {2010},
  volume = {171},
  pages = {375--417},
  number = {1},
  coden = {ANMAAH},
  doi = {10.4007/annals.2010.171.375},
  fjournal = {Annals of Mathematics. Second Series},
  issn = {0003-486X},
  mrclass = {16T05},
  mrnumber = {2630042},
  url = {http://dx.doi.org/10.4007/annals.2010.171.375}
}

@INCOLLECTION{MR1913436,
  author = {Andruskiewitsch, Nicol{\'a}s and Schneider, Hans-J{\"u}rgen},
  title = {Pointed {H}opf algebras},
  booktitle = {New directions in {H}opf algebras},
  publisher = {Cambridge Univ. Press},
  year = {2002},
  volume = {43},
  series = {Math. Sci. Res. Inst. Publ.},
  pages = {1--68},
  address = {Cambridge},
  mrclass = {16W30},
  mrnumber = {1913436 (2003e:16043)},
  mrreviewer = {Mitsuhiro Takeuchi}
}

@ARTICLE{MR1780094,
  author = {Andruskiewitsch, Nicol{\'a}s and Schneider, Hans-J{\"u}rgen},
  title = {Finite quantum groups and {C}artan matrices},
  journal = {Adv. Math.},
  year = {2000},
  volume = {154},
  pages = {1--45},
  number = {1},
  coden = {ADMTA4},
  fjournal = {Advances in Mathematics},
  issn = {0001-8708},
  mrclass = {16W30},
  mrnumber = {MR1780094 (2001g:16070)},
  mrreviewer = {R. Gylys}
}

@ARTICLE{CLA,
  author = {{Andruskiewitsch}, N. and {Fantino}, F. and {Garcia}, G.~A. and {Vendramin},
	L.},
  title = {{On Nichols algebras associated to simple racks}},
  journal = {Contemp. Math. 537 (2011) 31-56}
}

@ARTICLE{AMPA,
  author = {{Andruskiewitsch}, N. and {Fantino}, F. and {Gra{\~n}a}, M. and {Vendramin},
	L.},
  title = {{Finite-dimensional pointed Hopf algebras with alternating groups
	are trivial}},
  journal = {Preprint: \verb+arXiv:0812.4628+, accepted for publication in Ann.
	Mat. Pura Appl. (4)}
}

@ARTICLE{sporadic,
  author = {{Andruskiewitsch}, N. and {Fantino}, F. and {Gra{\~n}a}, M. and {Vendramin},
	L.},
  title = {{Pointed Hopf algebras over the sporadic simple groups}},
  journal = {J. Algebra},
  year = {2011},
  volume = {325},
  pages = {305--320},
  number = {1},
  fjournal = {Journal of Algebra},
  issn = {0021-8693}
}

@ARTICLE{AHS,
  author = {{Andruskiewitsch}, N. and {Heckenberger}, I. and {Schneider}, {H.~-.}},
  title = {{The Nichols algebra of a semisimple Yetter-Drinfeld module}},
  journal = {Amer. J. Math.},
  year = {2010},
  volume = {132},
  pages = {1493--1547},
  number = {6}
}

@ARTICLE{Ang,
  author = {{Angiono}, I.},
  title = {{A presentation by generators and relations of Nichols algebras of
	diagonal type and convex orders on root systems}},
  journal = {Preprint: \verb+arXiv:1008.4144+}
}

@ARTICLE{MR2491909,
  author = {{Angiono}, Iv{\'a}n},
  title = {Nichols algebras with standard braiding},
  journal = {Algebra Number Theory},
  year = {2009},
  volume = {3},
  pages = {35--106},
  number = {1},
  doi = {10.2140/ant.2009.3.35},
  fjournal = {Algebra \& Number Theory},
  issn = {1937-0652},
  mrclass = {16T05 (16T20 17B37)},
  mrnumber = {2491909 (2010j:16074)},
  mrreviewer = {Istv{\'a}n Heckenberger},
  url = {http://dx.doi.org/10.2140/ant.2009.3.35}
}

@ARTICLE{MR2651563,
  author = {Ardizzoni, Alessandro and Beattie, Margaret and Menini, Claudia},
  title = {Cocycle deformations for {H}opf algebras with a coalgebra projection},
  journal = {J. Algebra},
  year = {2010},
  volume = {324},
  pages = {673--705},
  number = {4},
  coden = {JALGA4},
  doi = {10.1016/j.jalgebra.2010.04.027},
  fjournal = {Journal of Algebra},
  issn = {0021-8693},
  mrclass = {16T05},
  mrnumber = {2651563},
  url = {http://dx.doi.org/10.1016/j.jalgebra.2010.04.027}
}

@BOOK{MR1777008,
  title = {Finite group theory},
  publisher = {Cambridge University Press},
  year = {2000},
  author = {Aschbacher, M.},
  volume = {10},
  pages = {xii+304},
  series = {Cambridge Studies in Advanced Mathematics},
  address = {Cambridge},
  edition = {Second},
  isbn = {0-521-78145-0; 0-521-78675-4},
  mrclass = {20-01 (20Dxx)},
  mrnumber = {MR1777008 (2001c:20001)}
}

@BOOK{MR1423599,
  title = {3-transposition groups},
  publisher = {Cambridge University Press},
  year = {1997},
  author = {Aschbacher, Michael},
  volume = {124},
  pages = {viii+260},
  series = {Cambridge Tracts in Mathematics},
  address = {Cambridge},
  isbn = {0-521-57196-0},
  mrclass = {20D08 (20D05)},
  mrnumber = {1423599 (98h:20024)},
  mrreviewer = {Jonathan I. Hall}
}

@ARTICLE{MR0311765,
  author = {Aschbacher, Michael and Hall, Jr., Marshall},
  title = {Groups generated by a class of elements of order {$3$}},
  journal = {J. Algebra},
  year = {1973},
  volume = {24},
  pages = {591--612},
  fjournal = {Journal of Algebra},
  issn = {0021-8693},
  mrclass = {20D99},
  mrnumber = {0311765 (47 \#327)},
  mrreviewer = {Graham Higman}
}

@ARTICLE{MR0422401,
  author = {Aschbacher, Michael and Seitz, Gary M.},
  title = {Involutions in {C}hevalley groups over fields of even order},
  journal = {Nagoya Math. J.},
  year = {1976},
  volume = {63},
  pages = {1--91},
  fjournal = {Nagoya Mathematical Journal},
  issn = {0027-7630},
  mrclass = {20D05},
  mrnumber = {MR0422401 (54 \#10391)},
  mrreviewer = {Bhama Srinivasan}
}

@ARTICLE{MR2650054,
  author = {Balister, Paul and Bollob{\'a}s, B{\'e}la and Johnson, J. Robert
	and Walters, Mark},
  title = {Random majority percolation},
  journal = {Random Structures Algorithms},
  year = {2010},
  volume = {36},
  pages = {315--340},
  number = {3},
  fjournal = {Random Structures \& Algorithms},
  issn = {1042-9832},
  mrclass = {68Q80 (60K35 68R10)},
  mrnumber = {2650054}
}

@ARTICLE{MR2209265,
  author = {Bazlov, Yuri},
  title = {Nichols-{W}oronowicz algebra model for {S}chubert calculus on {C}oxeter
	groups},
  journal = {J. Algebra},
  year = {2006},
  volume = {297},
  pages = {372--399},
  number = {2},
  coden = {JALGA4},
  doi = {10.1016/j.jalgebra.2006.01.037},
  fjournal = {Journal of Algebra},
  issn = {0021-8693},
  mrclass = {20F55 (14N15)},
  mrnumber = {2209265 (2007b:20083)},
  mrreviewer = {Frank Sottile},
  url = {http://dx.doi.org/10.1016/j.jalgebra.2006.01.037}
}

@ARTICLE{MR1952612,
  author = {Beattie, M. and D{\u{a}}sc{\u{a}}lescu, S. and Raianu, {\c{S}}.},
  title = {Lifting of {N}ichols algebras of type {$B_2$}},
  journal = {Israel J. Math.},
  year = {2002},
  volume = {132},
  pages = {1--28},
  note = {With an appendix by the authors and Ian Rutherford},
  coden = {ISJMAP},
  doi = {10.1007/BF02784503},
  fjournal = {Israel Journal of Mathematics},
  issn = {0021-2172},
  mrclass = {16W30},
  mrnumber = {1952612 (2004b:16055)},
  mrreviewer = {Ralf Holtkamp},
  url = {http://dx.doi.org/10.1007/BF02784503}
}

@ARTICLE{MR0236269,
  author = {Behr, H. and Mennicke, J.},
  title = {A presentation of the groups {${\rm PSL}(2,\,p)$}},
  journal = {Canad. J. Math.},
  year = {1968},
  volume = {20},
  pages = {1432--1438},
  fjournal = {Canadian Journal of Mathematics. Journal Canadien de Math\'ematiques},
  issn = {0008-414X},
  mrclass = {20.70},
  mrnumber = {0236269 (38 \#4566)},
  mrreviewer = {J. G. Horne}
}

@ARTICLE{MR506890,
  author = {Bergman, George M.},
  title = {The diamond lemma for ring theory},
  journal = {Adv. in Math.},
  year = {1978},
  volume = {29},
  pages = {178--218},
  number = {2},
  coden = {ADMTA4},
  doi = {10.1016/0001-8708(78)90010-5},
  fjournal = {Advances in Mathematics},
  issn = {0001-8708},
  mrclass = {16-02},
  mrnumber = {MR506890 (81b:16001)},
  mrreviewer = {P. M. Cohn},
  url = {http://dx.doi.org/10.1016/0001-8708(78)90010-5}
}

@INCOLLECTION{MR975077,
  author = {Brieskorn, E.},
  title = {Automorphic sets and braids and singularities},
  booktitle = {Braids ({S}anta {C}ruz, {CA}, 1986)},
  publisher = {Amer. Math. Soc.},
  year = {1988},
  volume = {78},
  series = {Contemp. Math.},
  pages = {45--115},
  address = {Providence, RI},
  mrclass = {32G11 (14B05 20F36 32C40)},
  mrnumber = {975077 (90a:32024)},
  mrreviewer = {Mina Teicher}
}

@ARTICLE{MR2166720,
  author = {Carter, J. Scott and Elhamdadi, Mohamed and Gra{\~n}a, Matias and
	Saito, Masahico},
  title = {Cocycle knot invariants from quandle modules and generalized quandle
	homology},
  journal = {Osaka J. Math.},
  year = {2005},
  volume = {42},
  pages = {499--541},
  number = {3},
  coden = {OJMAA7},
  fjournal = {Osaka Journal of Mathematics},
  issn = {0030-6126},
  mrclass = {57M27 (57Q45)},
  mrnumber = {MR2166720 (2006d:57017)},
  mrreviewer = {Seiichi Kamada}
}

@ARTICLE{MR1990571,
  author = {Carter, J. Scott and Jelsovsky, Daniel and Kamada, Seiichi and Langford,
	Laurel and Saito, Masahico},
  title = {Quandle cohomology and state-sum invariants of knotted curves and
	surfaces},
  journal = {Trans. Amer. Math. Soc.},
  year = {2003},
  volume = {355},
  pages = {3947--3989},
  number = {10},
  coden = {TAMTAM},
  doi = {10.1090/S0002-9947-03-03046-0},
  fjournal = {Transactions of the American Mathematical Society},
  issn = {0002-9947},
  mrclass = {57Q45 (57M27)},
  mrnumber = {1990571 (2005b:57048)},
  url = {http://dx.doi.org/10.1090/S0002-9947-03-03046-0}
}

@BOOK{MR1266626,
  title = {Finite groups of {L}ie type},
  publisher = {John Wiley \& Sons Ltd.},
  year = {1993},
  author = {Carter, Roger W.},
  pages = {xii+544},
  series = {Wiley Classics Library},
  address = {Chichester},
  note = {Conjugacy classes and complex characters, Reprint of the 1985 original,
	A Wiley-Interscience Publication},
  isbn = {0-471-94109-3},
  mrclass = {20C33 (20-02 20G40)},
  mrnumber = {MR1266626 (94k:20020)}
}

@UNPUBLISHED{GBNP,
  author = {A.M. Cohen and J.W. Knopper},
  title = {{GBNP}, {A} \textsf{GAP} {P}ackage for {G}r{\"o}bner bases of noncommutative
	polynomials.},
  note = {Available at \verb+http://dam02.win.tue.nl/products/gbnp/+}
}

@BOOK{MR827219,
  title = {Atlas of finite groups},
  publisher = {Oxford University Press},
  year = {1985},
  author = {Conway, J. H. and Curtis, R. T. and Norton, S. P. and Parker, R.
	A. and Wilson, R. A.},
  pages = {xxxiv+252},
  address = {Eynsham},
  note = {Maximal subgroups and ordinary characters for simple groups, With
	computational assistance from J. G. Thackray},
  isbn = {0-19-853199-0},
  mrclass = {20D05 (20-02)},
  mrnumber = {MR827219 (88g:20025)},
  mrreviewer = {R. L. Griess}
}

@INCOLLECTION{Coxeter,
  author = {Coxeter, H.},
  title = {{F}actor {G}roups of the {B}raid {G}roup},
  booktitle = {Proceedings of the Fourth Can. Math. Congress, Banff 1957},
  publisher = {University of Toronto Press},
  year = {1959},
  pages = {95--122}
}

@ARTICLE{MR2498801,
  author = {Cuntz, M. and Heckenberger, I.},
  title = {Weyl groupoids with at most three objects},
  journal = {J. Pure Appl. Algebra},
  year = {2009},
  volume = {213},
  pages = {1112--1128},
  number = {6},
  coden = {JPAAA2},
  doi = {10.1016/j.jpaa.2008.11.009},
  fjournal = {Journal of Pure and Applied Algebra},
  issn = {0022-4049},
  mrclass = {20L05 (20F55)},
  mrnumber = {2498801 (2010b:20100)},
  mrreviewer = {Nicol{\'a}s Andruskiewitsch},
  url = {http://dx.doi.org/10.1016/j.jpaa.2008.11.009}
}

@ARTICLE{MR2525553,
  author = {Cuntz, Michael and Heckenberger, Istv{\'a}n},
  title = {Weyl groupoids of rank two and continued fractions},
  journal = {Algebra Number Theory},
  year = {2009},
  volume = {3},
  pages = {317--340},
  number = {3},
  doi = {10.2140/ant.2009.3.317},
  fjournal = {Algebra \& Number Theory},
  issn = {1937-0652},
  mrclass = {20F55 (11A55 16T05)},
  mrnumber = {2525553 (2010h:20082)},
  mrreviewer = {Mikhail V. Belolipetsky},
  url = {http://dx.doi.org/10.2140/ant.2009.3.317}
}

@ARTICLE{CH,
  author = {{Cuntz}, M. and {Heckenberger}, I.},
  title = {{Finite Weyl groupoids}},
  journal = {Preprint: \verb+arXiv:1008.5291+}
}

@ARTICLE{MR1511128,
  author = {Dickson, Leonard Eugene},
  title = {The alternating group on eight letters and the quaternary linear
	congruence group modulo two},
  journal = {Math. Ann.},
  year = {1901},
  volume = {54},
  pages = {564--569},
  number = {4},
  coden = {MAANA},
  fjournal = {Mathematische Annalen},
  issn = {0025-5831},
  mrclass = {Contributed Item},
  mrnumber = {MR1511128}
}

@ARTICLE{MR2176141,
  author = {Didt, Daniel},
  title = {Pointed {H}opf algebras and quasi-isomorphisms},
  journal = {Algebr. Represent. Theory},
  year = {2005},
  volume = {8},
  pages = {347--362},
  number = {3},
  coden = {ARTHF4},
  doi = {10.1007/s10468-004-6343-0},
  fjournal = {Algebras and Representation Theory},
  issn = {1386-923X},
  mrclass = {16W30},
  mrnumber = {2176141 (2006g:16084)},
  mrreviewer = {Chiara Pagani},
  url = {http://dx.doi.org/10.1007/s10468-004-6343-0}
}

@INPROCEEDINGS{MR934283,
  author = {Drinfel{\cprime}d, V. G.},
  title = {Quantum groups},
  booktitle = {Proceedings of the International Congress of Mathematicians, Vol.
	1, 2 (Berkeley, Calif., 1986)},
  year = {1987},
  pages = {798--820},
  address = {Providence, RI},
  publisher = {Amer. Math. Soc.},
  mrclass = {17B50 (16A24 17B65 57T05 58F07 82A05 82A15)}
}

@ARTICLE{MR2150872,
  author = {Etingof, P. and Gra{\~n}a, M.},
  title = {Quantization of non-unitary geometric classical {$r$}-matrices},
  journal = {Math. Res. Lett.},
  year = {2005},
  volume = {12},
  pages = {141--153},
  number = {2-3},
  fjournal = {Mathematical Research Letters},
  issn = {1073-2780},
  mrclass = {16S35},
  mrnumber = {MR2150872 (2006b:16039)},
  mrreviewer = {Erik Koelink}
}

@ARTICLE{MR1948837,
  author = {Etingof, P. and Gra{\~n}a, M.},
  title = {On rack cohomology},
  journal = {J. Pure Appl. Algebra},
  year = {2003},
  volume = {177},
  pages = {49--59},
  number = {1},
  coden = {JPAAA2},
  fjournal = {Journal of Pure and Applied Algebra},
  issn = {0022-4049},
  mrclass = {55N35 (20J05 57M27)},
  mrnumber = {MR1948837 (2004e:55006)},
  mrreviewer = {Alexander I. Suciu}
}

@ARTICLE{MR1848966,
  author = {Etingof, Pavel and Soloviev, Alexander and Guralnick, Robert},
  title = {Indecomposable set-theoretical solutions to the quantum {Y}ang-{B}axter
	equation on a set with a prime number of elements},
  journal = {J. Algebra},
  year = {2001},
  volume = {242},
  pages = {709--719},
  number = {2},
  coden = {JALGA4},
  doi = {10.1006/jabr.2001.8842},
  fjournal = {Journal of Algebra},
  issn = {0021-8693},
  mrclass = {20D99 (20D45 81R50)},
  mrnumber = {1848966 (2002e:20049)},
  mrreviewer = {Vitaly A. Roman{\cprime}kov},
  url = {http://dx.doi.org/10.1006/jabr.2001.8842}
}

@ARTICLE{MR0294487,
  author = {Fischer, Bernd},
  title = {Finite groups generated by {$3$}-transpositions. {I}},
  journal = {Invent. Math.},
  year = {1971},
  volume = {13},
  pages = {232--246},
  fjournal = {Inventiones Mathematicae},
  issn = {0020-9910},
  mrclass = {20D99},
  mrnumber = {0294487 (45 \#3557)},
  mrreviewer = {A. R. Camina}
}

@INCOLLECTION{MR1667680,
  author = {Fomin, Sergey and Kirillov, Anatol N.},
  title = {Quadratic algebras, {D}unkl elements, and {S}chubert calculus},
  booktitle = {Advances in geometry},
  publisher = {Birkh\"auser Boston},
  year = {1999},
  volume = {172},
  series = {Progr. Math.},
  pages = {147--182},
  address = {Boston, MA},
  mrclass = {05E15 (14M15)},
  mrnumber = {1667680 (2001a:05152)},
  mrreviewer = {Tadeusz J{\'o}zefiak}
}

@ARTICLE{MR2646659,
  author = {Freyre, Sebasti{\'a}n and Gra{\~n}a, Mat{\'{\i}}as and Vendramin,
	Leandro},
  title = {On {N}ichols algebras over {${\rm PGL}(2,q)$} and {${\rm PSL}(2,q)$}},
  journal = {J. Algebra Appl.},
  year = {2010},
  volume = {9},
  pages = {195--208},
  number = {2},
  doi = {10.1142/S0219498810003823},
  fjournal = {Journal of Algebra and its Applications},
  issn = {0219-4988},
  mrclass = {16T05 (81R50)},
  mrnumber = {2646659},
  url = {http://dx.doi.org/10.1142/S0219498810003823}
}

@ARTICLE{MR2377845,
  author = {Freyre, Sebasti{\'a}n and Gra{\~n}a, Mat{\'{\i}}as and Vendramin,
	Leandro},
  title = {On {N}ichols algebras over {$SL(2,q)$} and {$GL(2,q)$}},
  journal = {J. Math. Phys.},
  year = {2007},
  volume = {48},
  pages = {123513, 11},
  number = {12},
  coden = {JMAPAQ},
  fjournal = {Journal of Mathematical Physics},
  issn = {0022-2488},
  mrclass = {16W30},
  mrnumber = {MR2377845 (2008j:16110)},
  mrreviewer = {Istv{\'a}n Heckenberger}
}

@BOOK{MR1153249,
  title = {Representation theory},
  publisher = {Springer-Verlag},
  year = {1991},
  author = {Fulton, William and Harris, Joe},
  volume = {129},
  pages = {xvi+551},
  series = {Graduate Texts in Mathematics},
  address = {New York},
  note = {A first course, Readings in Mathematics},
  isbn = {0-387-97527-6; 0-387-97495-4},
  mrclass = {20G05 (17B10 20G20 22E46)},
  rreviewer = {James E. Humphreys}
}

@INPROCEEDINGS{MR2030633,
  author = {Gaberdiel, Matthias R.},
  title = {An algebraic approach to logarithmic conformal field theory},
  booktitle = {Proceedings of the {S}chool and {W}orkshop on {L}ogarithmic {C}onformal
	{F}ield {T}heory and its {A}pplications ({T}ehran, 2001)},
  year = {2003},
  volume = {18},
  number = {25},
  pages = {4593--4638},
  doi = {10.1142/S0217751X03016860},
  fjournal = {International Journal of Modern Physics A. Particles and Fields. Gravitation.
	Cosmology. Nuclear Physics},
  issn = {0217-751X},
  journal = {Internat. J. Modern Phys. A},
  mrclass = {81T40 (17B69 81R10)},
  mrnumber = {2030633 (2005h:81326)},
  url = {http://dx.doi.org/10.1142/S0217751X03016860}
}

@ARTICLE{GG,
  author = {{Garc\'ia}, G. A. and {Garc\'ia Iglesias}, A.},
  title = {{Finite dimensional pointed Hopf algebras over S\_4}},
  journal = {Preprint: \verb+arXiv:0904.2558+, accepted for publication in Israel
	J. Math}
}

@ARTICLE{MR0171807,
  author = {Gerstenhaber, Murray},
  title = {On the deformation of rings and algebras},
  journal = {Ann. of Math. (2)},
  year = {1964},
  volume = {79},
  pages = {59--103},
  fjournal = {Annals of Mathematics. Second Series},
  issn = {0003-486X},
  mrclass = {16.90 (13.93)},
  mrnumber = {MR0171807 (30 \#2034)},
  mrreviewer = {D. Zelinsky}
}

@BOOK{MR0231903,
  title = {Finite groups},
  publisher = {Harper \& Row Publishers},
  year = {1968},
  author = {Gorenstein, Daniel},
  pages = {xv+527},
  address = {New York},
  mrclass = {20.25},
  mrnumber = {MR0231903 (38 \#229)},
  mrreviewer = {W. Feit}
}

@UNPUBLISHED{RIG,
  author = {Gra\~na, M., and Vendramin, L.},
  title = {{Rig}, {A} \textsf{GAP} package for racks and {N}ichols {A}lgebras.},
  note = {Available at \verb+http://mate.dm.uba.ar/~lvendram/rig+}
}

@UNPUBLISHED{zoo,
  author = {Mat\'{\i}as Gra{\~n}a},
  title = {Nichols algebras of nonabelian group type, zoo of examples.},
  note = {Available at \verb+http://mate.dm.uba.ar/~matiasg/zoo.html+},
  otherinfo = {http://mate.dm.uba.ar/~matiasg/zoo.html}
}

@ARTICLE{MR2093034,
  author = {Gra{\~n}a, Mat{\'{\i}}as},
  title = {Indecomposable racks of order {$p\sp 2$}},
  journal = {Beitr\"age Algebra Geom.},
  year = {2004},
  volume = {45},
  pages = {665--676},
  number = {2},
  fjournal = {Beitr\"age zur Algebra und Geometrie. Contributions to Algebra and
	Geometry},
  issn = {0138-4821},
  mrclass = {57M27 (16W30 55N35)},
  mrnumber = {2093034 (2005k:57025)},
  mrreviewer = {Alexander I. Suciu}
}

@ARTICLE{MR1918807,
  author = {Gra{\~n}a, Mat{\'{\i}}as},
  title = {Quandle knot invariants are quantum knot invariants},
  journal = {J. Knot Theory Ramifications},
  year = {2002},
  volume = {11},
  pages = {673--681},
  number = {5},
  doi = {10.1142/S0218216502001883},
  fjournal = {Journal of Knot Theory and its Ramifications},
  issn = {0218-2165},
  mrclass = {57M27 (55N35)},
  mrnumber = {1918807 (2003e:57019)},
  mrreviewer = {Seiichi Kamada},
  url = {http://dx.doi.org/10.1142/S0218216502001883}
}

@ARTICLE{MR1757439,
  author = {Gra{\~n}a, Mat{\'{\i}}as},
  title = {Pointed {H}opf algebras of dimension 32},
  journal = {Comm. Algebra},
  year = {2000},
  volume = {28},
  pages = {2935--2976},
  number = {6},
  coden = {COALDM},
  fjournal = {Communications in Algebra},
  issn = {0092-7872},
  mrclass = {16W30},
  mrnumber = {MR1757439 (2001d:16057)},
  mrreviewer = {Sonia Natale}
}

@ARTICLE{MR1779599,
  author = {Gra{\~n}a, Mat{\'{\i}}as},
  title = {A freeness theorem for {N}ichols algebras},
  journal = {J. Algebra},
  year = {2000},
  volume = {231},
  pages = {235--257},
  number = {1},
  coden = {JALGA4},
  fjournal = {Journal of Algebra},
  issn = {0021-8693},
  mrclass = {16W30},
  mrnumber = {MR1779599 (2001g:16077)},
  mrreviewer = {Sorin D{\u{a}}sc{\u{a}}lescu}
}

@ARTICLE{MR1793809,
  author = {Gra{\~n}a, Mat{\'{\i}}as},
  title = {On pointed {H}opf algebras of dimension {$p\sp 5$}},
  journal = {Glasg. Math. J.},
  year = {2000},
  volume = {42},
  pages = {405--419},
  number = {3},
  fjournal = {Glasgow Mathematical Journal},
  issn = {0017-0895},
  mrclass = {16W30},
  mrnumber = {MR1793809 (2001g:16076)},
  mrreviewer = {E. J. Taft}
}

@INCOLLECTION{MR1800709,
  author = {Gra{\~n}a, Mat{\'{\i}}as},
  title = {On {N}ichols algebras of low dimension},
  booktitle = {New trends in {H}opf algebra theory ({L}a {F}alda, 1999)},
  publisher = {Amer. Math. Soc.},
  year = {2000},
  volume = {267},
  series = {Contemp. Math.},
  pages = {111--134},
  address = {Providence, RI},
  mrclass = {16W30},
  mrnumber = {MR1800709 (2001j:16059)},
  mrreviewer = {Fang Li}
}

@ARTICLE{MR2331765,
  author = {Gra{\~n}a, M. and Heckenberger, I.},
  title = {On a factorization of graded {H}opf algebras using {L}yndon words},
  journal = {J. Algebra},
  year = {2007},
  volume = {314},
  pages = {324--343},
  number = {1},
  coden = {JALGA4},
  doi = {10.1016/j.jalgebra.2007.02.046},
  fjournal = {Journal of Algebra},
  issn = {0021-8693},
  mrclass = {16W30},
  mrnumber = {2331765 (2008f:16079)},
  mrreviewer = {Joost Vercruysse},
  url = {http://dx.doi.org/10.1016/j.jalgebra.2007.02.046}
}

@ARTICLE{MR2095622,
  author = {Gra{\~n}a, Mat{\'{\i}}as and Turaev, Vladimir},
  title = {Knot theory for self-indexed graphs},
  journal = {Trans. Amer. Math. Soc.},
  year = {2005},
  volume = {357},
  pages = {535--553 (electronic)},
  number = {2},
  coden = {TAMTAM},
  fjournal = {Transactions of the American Mathematical Society},
  issn = {0002-9947},
  mrclass = {57M25 (05C10 57M27)},
  mrnumber = {MR2095622 (2005i:57005)},
  mrreviewer = {Shlomo Gelaki}
}

@ARTICLE{Marburg,
  author = {{Gra{\~n}a}, M. and {Heckenberger}, I. and {Vendramin}, L.},
  title = {{Nichols algebras of group type with many quadratic relations}},
  journal = {Preprint: \verb+arXiv:1004.3723+}
}

@article{MR2803792,
    AUTHOR = {Gra{\~n}a, M. and Heckenberger, I. and Vendramin, L.},
     TITLE = {Nichols algebras of group type with many quadratic relations},
   JOURNAL = {Adv. Math.},
  FJOURNAL = {Advances in Mathematics},
    VOLUME = {227},
      YEAR = {2011},
    NUMBER = {5},
     PAGES = {1956--1989},
      ISSN = {0001-8708},
     CODEN = {ADMTA4},
   MRCLASS = {16T05},
  MRNUMBER = {2803792 (2012f:16077)},
MRREVIEWER = {Iv{\'a}n Ezequiel Angiono},
       DOI = {10.1016/j.aim.2011.04.006},
       URL = {http://dx.doi.org/10.1016/j.aim.2011.04.006},
}

@BOOK{MR1707296,
  title = {Twelve sporadic groups},
  publisher = {Springer-Verlag},
  year = {1998},
  author = {Griess, Jr., Robert L.},
  pages = {iv+169},
  series = {Springer Monographs in Mathematics},
  address = {Berlin},
  isbn = {3-540-62778-2},
  mrclass = {20D08},
  mrnumber = {MR1707296 (2001c:20028)},
  mrreviewer = {Robert A. Wilson}
}

@ARTICLE{MR1330798,
  author = {Hall, J. I. and Soicher, L. H.},
  title = {Presentations of some {$3$}-transposition groups},
  journal = {Comm. Algebra},
  year = {1995},
  volume = {23},
  pages = {2517--2559},
  number = {7},
  coden = {COALDM},
  doi = {10.1080/00927879508825358},
  fjournal = {Communications in Algebra},
  issn = {0092-7872},
  mrclass = {20F05 (20D08)},
  mrnumber = {1330798 (96f:20050)},
  mrreviewer = {Jamshid Moori},
  url = {http://dx.doi.org/10.1080/00927879508825358}
}

@ARTICLE{MR2462836,
  author = {Heckenberger, I.},
  title = {Classification of arithmetic root systems},
  journal = {Adv. Math.},
  year = {2009},
  volume = {220},
  pages = {59--124},
  number = {1},
  coden = {ADMTA4},
  doi = {10.1016/j.aim.2008.08.005},
  fjournal = {Advances in Mathematics},
  issn = {0001-8708},
  mrclass = {17B20 (16S99 16W30)},
  mrnumber = {2462836 (2009k:17017)},
  mrreviewer = {Leonid Krop},
  url = {http://dx.doi.org/10.1016/j.aim.2008.08.005}
}

@ARTICLE{MR2379892,
  author = {Heckenberger, I.},
  title = {Rank 2 {N}ichols algebras with finite arithmetic root system},
  journal = {Algebr. Represent. Theory},
  year = {2008},
  volume = {11},
  pages = {115--132},
  number = {2},
  coden = {ARTHF4},
  fjournal = {Algebras and Representation Theory},
  issn = {1386-923X},
  mrclass = {16W35},
  mrnumber = {MR2379892 (2009a:16080)},
  mrreviewer = {Leonid Krop}
}

@ARTICLE{MR2295200,
  author = {Heckenberger, I.},
  title = {Examples of finite-dimensional rank 2 {N}ichols algebras of diagonal
	type},
  journal = {Compos. Math.},
  year = {2007},
  volume = {143},
  pages = {165--190},
  number = {1},
  fjournal = {Compositio Mathematica},
  issn = {0010-437X},
  mrclass = {16W35 (16S99)},
  mrnumber = {MR2295200 (2008b:16070)},
  mrreviewer = {Kenneth A. Brown}
}

@ARTICLE{MR2207786,
  author = {Heckenberger, I.},
  title = {The {W}eyl groupoid of a {N}ichols algebra of diagonal type},
  journal = {Invent. Math.},
  year = {2006},
  volume = {164},
  pages = {175--188},
  number = {1},
  coden = {INVMBH},
  doi = {10.1007/s00222-005-0474-8},
  fjournal = {Inventiones Mathematicae},
  issn = {0020-9910},
  mrclass = {16W35 (17B37)},
  mrnumber = {2207786 (2007e:16047)},
  mrreviewer = {Kenneth A. Brown},
  url = {http://dx.doi.org/10.1007/s00222-005-0474-8}
}

@ARTICLE{MR2294771,
  author = {Heckenberger, I.},
  title = {Weyl equivalence for rank 2 {N}ichols algebras of diagonal type},
  journal = {Ann. Univ. Ferrara Sez. VII (N.S.)},
  year = {2005},
  volume = {51},
  pages = {281--289},
  coden = {AUFMAX},
  fjournal = {Annali dell'Universit\`a di Ferrara. Nuova Serie. Sezione VII. Scienze
	Matematiche},
  mrclass = {16W30 (16P90)},
  mrnumber = {MR2294771 (2008c:16055)},
  mrreviewer = {Sa{\"{\i}}d Benayadi}
}

@ARTICLE{MR2734956,
  author = {Heckenberger, I. and Schneider, H.-J.},
  title = {Root systems and {W}eyl groupoids for {N}ichols algebras},
  journal = {Proc. Lond. Math. Soc. (3)},
  year = {2010},
  volume = {101},
  pages = {623--654},
  number = {3},
  doi = {10.1112/plms/pdq001},
  fjournal = {Proceedings of the London Mathematical Society. Third Series},
  issn = {0024-6115},
  mrclass = {17Bxx (16T05 20Fxx)},
  mrnumber = {2734956},
  url = {http://dx.doi.org/10.1112/plms/pdq001}
}

@ARTICLE{MR2390080,
  author = {Heckenberger, Istv{\'a}n and Yamane, Hiroyuki},
  title = {A generalization of {C}oxeter groups, root systems, and {M}atsumoto's
	theorem},
  journal = {Math. Z.},
  year = {2008},
  volume = {259},
  pages = {255--276},
  number = {2},
  coden = {MAZEAX},
  fjournal = {Mathematische Zeitschrift},
  issn = {0025-5874},
  mrclass = {20F55 (16W30 17B20 20F10 20N02)},
  mrnumber = {MR2390080},
  mrreviewer = {Nicol{\'a}s Andruskiewitsch}
}

@ARTICLE{HS,
  author = {{Heckenberger}, I. and {Schneider}, {H.~-.}},
  title = {{Right coideal subalgebras of Nichols algebras and the Duflo order
	on the Weyl groupoid}},
  journal = {Preprint: \verb+arXiv:0909.0293+}
}

@ARTICLE{HW,
  author = {{Heckenberger}, I. and {Welker}, V.},
  title = {{Geometric Combinatorics of Weyl Groupoids}},
  journal = {Preprint: \verb+arXiv: 1003.3231+}
}

@BOOK{MR0224703,
  title = {Endliche {G}ruppen. {I}},
  publisher = {Springer-Verlag},
  year = {1967},
  author = {Huppert, B.},
  pages = {xii+793},
  series = {Die Grundlehren der Mathematischen Wissenschaften, Band 134},
  address = {Berlin},
  mrclass = {20.25},
  mrnumber = {MR0224703 (37 \#302)},
  mrreviewer = {J. H. Walter}
}

@BOOK{MR650245,
  title = {Finite groups. {II}},
  publisher = {Springer-Verlag},
  year = {1982},
  author = {Huppert, Bertram and Blackburn, Norman},
  volume = {242},
  pages = {xiii+531},
  series = {Grundlehren der Mathematischen Wissenschaften [Fundamental Principles
	of Mathematical Sciences]},
  address = {Berlin},
  note = {AMD, 44},
  isbn = {3-540-10632-4},
  mrclass = {20-02 (20Dxx)},
  mrnumber = {MR650245 (84i:20001a)}
}

@BOOK{MR662826,
  title = {Finite groups. {III}},
  publisher = {Springer-Verlag},
  year = {1982},
  author = {Huppert, Bertram and Blackburn, Norman},
  volume = {243},
  pages = {ix+454},
  series = {Grundlehren der Mathematischen Wissenschaften [Fundamental Principles
	of Mathematical Sciences]},
  address = {Berlin},
  isbn = {3-540-10633-2},
  mrclass = {20-02 (20Dxx)},
  mrnumber = {MR662826 (84i:20001b)}
}

@ARTICLE{MR1510692,
  author = {Hurwitz, A.},
  title = {Ueber {R}iemann'sche {F}l\"achen mit gegebenen {V}erzweigungspunkten},
  journal = {Math. Ann.},
  year = {1891},
  volume = {39},
  pages = {1--60},
  number = {1},
  coden = {MAANA},
  doi = {10.1007/BF01199469},
  fjournal = {Mathematische Annalen},
  issn = {0025-5831},
  mrclass = {Contributed Item},
  mrnumber = {1510692},
  url = {http://dx.doi.org/10.1007/BF01199469}
}

@BOOK{MR2270898,
  title = {Character theory of finite groups},
  publisher = {AMS Chelsea Publishing, Providence, RI},
  year = {2006},
  author = {Isaacs, I. Martin},
  pages = {xii+310},
  note = {Corrected reprint of the 1976 original [Academic Press, New York;
	MR0460423]},
  isbn = {978-0-8218-4229-4; 0-8218-4229-3},
  mrclass = {20-02 (20C05 20C15 20C20 20C25)},
  mrnumber = {MR2270898}
}

@BOOK{MR2124803,
  title = {The fourth {J}anko group},
  publisher = {The Clarendon Press Oxford University Press},
  year = {2004},
  author = {Ivanov, A. A.},
  pages = {xvi+233},
  series = {Oxford Mathematical Monographs},
  address = {Oxford},
  doi = {10.1093/acprof:oso/9780198527596.001.0001},
  isbn = {0-19-852759-4},
  mrclass = {20D08},
  mrnumber = {MR2124803 (2005m:20044)},
  mrreviewer = {Robert A. Wilson},
  url = {http://dx.doi.org/10.1093/acprof:oso/9780198527596.001.0001}
}

@BOOK{MR1359532,
  title = {Lectures on quantum groups},
  publisher = {American Mathematical Society},
  year = {1996},
  author = {Jantzen, Jens Carsten},
  volume = {6},
  pages = {viii+266},
  series = {Graduate Studies in Mathematics},
  address = {Providence, RI},
  isbn = {0-8218-0478-2},
  mrclass = {17B37 (16W30)},
  mrnumber = {MR1359532 (96m:17029)},
  mrreviewer = {Arun Ram}
}

@BOOK{MR1321145,
  title = {Quantum groups},
  publisher = {Springer-Verlag},
  year = {1995},
  author = {Kassel, Christian},
  volume = {155},
  pages = {xii+531},
  series = {Graduate Texts in Mathematics},
  address = {New York},
  isbn = {0-387-94370-6},
  mrclass = {17B37 (16W30 18D10 20F36 57M25 81R50)},
  mrnumber = {MR1321145 (96e:17041)},
  mrreviewer = {Yu. N. Bespalov}
}

@BOOK{MR1470954,
  title = {Quantum groups and knot invariants},
  publisher = {Soci\'et\'e Math\'ematique de France},
  year = {1997},
  author = {Kassel, Christian and Rosso, Marc and Turaev, Vladimir},
  volume = {5},
  pages = {vi+115},
  series = {Panoramas et Synth\`eses [Panoramas and Syntheses]},
  address = {Paris},
  isbn = {2-85629-055-8},
  mrclass = {57M25 (16W60 17B37 18D10 57N10)},
  mrnumber = {1470954 (99b:57011)},
  mrreviewer = {Ruth Lawrence}
}

@ARTICLE{MR1763385,
  author = {Kharchenko, V. K.},
  title = {A quantum analogue of the {P}oincar\'e-{B}irkhoff-{W}itt theorem},
  journal = {Algebra Log.},
  year = {1999},
  volume = {38},
  pages = {476--507, 509},
  number = {4},
  fjournal = {Algebra i Logika. Institut Diskretno\u\i\ Matematiki i Informatiki},
  issn = {0373-9252},
  mrclass = {16W30},
  mrnumber = {1763385 (2001f:16075)},
  mrreviewer = {Tomasz Brzezi{\'n}ski}
}

@ARTICLE{MR2558748,
  author = {Kirillov, Anatol N. and Maeno, Toshiaki},
  title = {Nichols-{W}oronowicz model of coinvariant algebra of complex reflection
	groups},
  journal = {J. Pure Appl. Algebra},
  year = {2010},
  volume = {214},
  pages = {402--409},
  number = {4},
  coden = {JPAAA2},
  doi = {10.1016/j.jpaa.2009.06.008},
  fjournal = {Journal of Pure and Applied Algebra},
  issn = {0022-4049},
  mrclass = {16T05 (13A50 20F55)},
  mrnumber = {2558748 (2011c:16090)},
  mrreviewer = {Christian Ohn},
  url = {http://dx.doi.org/10.1016/j.jpaa.2009.06.008}
}

@ARTICLE{MR2164613,
  author = {Kirillov, Anatol N. and Maeno, Toshiaki},
  title = {A note on quantization operators on {N}ichols algebra model for {S}chubert
	calculus on {W}eyl groups},
  journal = {Lett. Math. Phys.},
  year = {2005},
  volume = {72},
  pages = {233--241},
  number = {3},
  coden = {LMPHDY},
  doi = {10.1007/s11005-005-7649-5},
  fjournal = {Letters in Mathematical Physics. A Journal for the Rapid Dissemination
	of Short Contributions in the Field of Mathematical Physics},
  issn = {0377-9017},
  mrclass = {14N35 (14M15 14N15 16W30)},
  mrnumber = {2164613 (2006g:14090)},
  mrreviewer = {Christian Ohn},
  url = {http://dx.doi.org/10.1007/s11005-005-7649-5}
}

@BOOK{MR1492989,
  title = {Quantum groups and their representations},
  publisher = {Springer-Verlag},
  year = {1997},
  author = {Klimyk, Anatoli and Schm{\"u}dgen, Konrad},
  pages = {xx+552},
  series = {Texts and Monographs in Physics},
  address = {Berlin},
  isbn = {3-540-63452-5},
  mrclass = {17B37 (16W30 17B81 46L87 58B30 81R50)},
  mrnumber = {1492989 (99f:17017)},
  mrreviewer = {Ian M. Musson}
}

@BOOK{MR1920389,
  title = {Lie groups beyond an introduction},
  publisher = {Birkh\"auser Boston Inc.},
  year = {2002},
  author = {Knapp, Anthony W.},
  volume = {140},
  pages = {xviii+812},
  series = {Progress in Mathematics},
  address = {Boston, MA},
  edition = {Second},
  isbn = {0-8176-4259-5},
  mrclass = {22-01}
}

@ARTICLE{MR2504492,
  author = {Krop, Leonid and Radford, David E.},
  title = {Representations of pointed {H}opf algebras and their {D}rinfel\cprime
	d quantum doubles},
  journal = {J. Algebra},
  year = {2009},
  volume = {321},
  pages = {2567--2603},
  number = {9},
  coden = {JALGA4},
  doi = {10.1016/j.jalgebra.2009.02.011},
  fjournal = {Journal of Algebra},
  issn = {0021-8693},
  mrclass = {16T05 (16T20)},
  mrnumber = {2504492 (2010m:16051)},
  url = {http://dx.doi.org/10.1016/j.jalgebra.2009.02.011}
}

@ARTICLE{MR1201922,
  author = {Lambe, Larry A. and Radford, David E.},
  title = {Algebraic aspects of the quantum {Y}ang-{B}axter equation},
  journal = {J. Algebra},
  year = {1993},
  volume = {154},
  pages = {228--288},
  number = {1},
  coden = {JALGA4},
  fjournal = {Journal of Algebra},
  issn = {0021-8693},
  mrclass = {17B37 (16W30)},
  mrnumber = {MR1201922 (94b:17026)},
  mrreviewer = {Dmitri{\u\i} I. Gurevich}
}

@ARTICLE{MR1135629,
  author = {Larson, Richard G. and Towber, Jacob},
  title = {Two dual classes of bialgebras related to the concepts of ``quantum
	group'' and ``quantum {L}ie algebra''},
  journal = {Comm. Algebra},
  year = {1991},
  volume = {19},
  pages = {3295--3345},
  number = {12},
  coden = {COALDM},
  fjournal = {Communications in Algebra},
  issn = {0092-7872},
  mrclass = {16W30 (17B37 18D10)},
  mrnumber = {MR1135629 (93b:16070)},
  mrreviewer = {Dmitri{\u\i} I. Gurevich}
}

@INCOLLECTION{MR2106930,
  author = {Majid, Shahn},
  title = {Noncommutative differentials and {Y}ang-{M}ills on permutation groups
	{$S_n$}},
  booktitle = {Hopf algebras in noncommutative geometry and physics},
  publisher = {Dekker},
  year = {2005},
  volume = {239},
  series = {Lecture Notes in Pure and Appl. Math.},
  pages = {189--213},
  address = {New York},
  mrclass = {58B32 (16W35)},
  mrnumber = {2106930 (2006b:58007)},
  mrreviewer = {Volodymyr V. Lyubashenko}
}

@ARTICLE{MR1257312,
  author = {Majid, Shahn},
  title = {Cross products by braided groups and bosonization},
  journal = {J. Algebra},
  year = {1994},
  volume = {163},
  pages = {165--190},
  number = {1},
  coden = {JALGA4},
  fjournal = {Journal of Algebra},
  issn = {0021-8693},
  mrclass = {18D10 (16W30 17B37)},
  mrnumber = {MR1257312 (94m:18009)}
}

@ARTICLE{MR1132774,
  author = {Majid, Shahn},
  title = {Doubles of quasitriangular {H}opf algebras},
  journal = {Comm. Algebra},
  year = {1991},
  volume = {19},
  pages = {3061--3073},
  number = {11},
  coden = {COALDM},
  fjournal = {Communications in Algebra},
  issn = {0092-7872},
  mrclass = {16W30},
  mrnumber = {MR1132774 (92k:16052)},
  mrreviewer = {E. J. Taft}
}

@ARTICLE{MR1045735,
  author = {Majid, Shahn},
  title = {Physics for algebraists: noncommutative and noncocommutative {H}opf
	algebras by a bicrossproduct construction},
  journal = {J. Algebra},
  year = {1990},
  volume = {130},
  pages = {17--64},
  number = {1},
  coden = {JALGA4},
  fjournal = {Journal of Algebra},
  issn = {0021-8693},
  mrclass = {16W30 (81R50)},
  mrnumber = {MR1045735 (91j:16050)}
}

@ARTICLE{MPSW,
  author = {{Mastnak}, M. and {Pevtsova}, J. and {Schauenburg}, P. and {Witherspoon},
	S.},
  title = {{Cohomology of finite dimensional pointed Hopf algebras}},
  journal = {Preprint: \verb+arXiv:0902.0801+, accepted for publication in Proc.
	London Math. Soc.}
}

@ARTICLE{M,
  author = {{Masuoka}, A.},
  title = {{Hopf ideals of the generalized quantum double associated to skew-paired
	Nichols algebras}},
  journal = {Preprint: \verb+arXiv:0911.2282+}
}

@INCOLLECTION{MR1800714,
  author = {Milinski, Alexander and Schneider, Hans-J{\"u}rgen},
  title = {Pointed indecomposable {H}opf algebras over {C}oxeter groups},
  booktitle = {New trends in {H}opf algebra theory ({L}a {F}alda, 1999)},
  publisher = {Amer. Math. Soc.},
  year = {2000},
  volume = {267},
  series = {Contemp. Math.},
  pages = {215--236},
  address = {Providence, RI},
  mrclass = {16W30 (20F55)},
  mrnumber = {1800714 (2001k:16074)},
  mrreviewer = {Sonia Natale}
}

@ARTICLE{MR0498612,
  author = {Molnar, Richard K.},
  title = {Semi-direct products of {H}opf algebras},
  journal = {J. Algebra},
  year = {1977},
  volume = {47},
  pages = {29--51},
  number = {1},
  fjournal = {Journal of Algebra},
  issn = {0021-8693},
  mrclass = {14L05 (16A24 57F05)},
  mrnumber = {MR0498612 (58 \#16700)},
  mrreviewer = {Hans-Jurgen Schneider}
}

@ARTICLE{MR2678630,
  author = {Mombelli, Mart{\'{\i}}n},
  title = {Module categories over pointed {H}opf algebras},
  journal = {Math. Z.},
  year = {2010},
  volume = {266},
  pages = {319--344},
  number = {2},
  coden = {MAZEAX},
  doi = {10.1007/s00209-009-0571-2},
  fjournal = {Mathematische Zeitschrift},
  issn = {0025-5874},
  mrclass = {16T05 (18D10 19D23)},
  mrnumber = {2678630},
  url = {http://dx.doi.org/10.1007/s00209-009-0571-2}
}

@BOOK{MR1243637,
  title = {Hopf algebras and their actions on rings},
  publisher = {Published for the Conference Board of the Mathematical Sciences,
	Washington, DC},
  year = {1993},
  author = {Montgomery, Susan},
  volume = {82},
  pages = {xiv+238},
  series = {CBMS Regional Conference Series in Mathematics},
  isbn = {0-8218-0738-2},
  mrclass = {16W30},
  mrnumber = {MR1243637 (94i:16019)},
  mrreviewer = {E. J. Taft}
}

@BOOK{MR755006,
  title = {Elements of algebraic topology},
  publisher = {Addison-Wesley Publishing Company},
  year = {1984},
  author = {Munkres, James R.},
  pages = {ix+454},
  address = {Menlo Park, CA},
  isbn = {0-201-04586-9},
  mrclass = {55-01},
  mrnumber = {MR755006 (85m:55001)},
  mrreviewer = {Christopher W. Stark}
}

@BOOK{MR0464128,
  title = {Topology: a first course},
  publisher = {Prentice-Hall Inc.},
  year = {1975},
  author = {Munkres, James R.},
  pages = {xvi+413},
  address = {Englewood Cliffs, N.J.},
  mrclass = {54-01},
  mrnumber = {MR0464128 (57 \#4063)}
}

@BOOK{MR1731872,
  title = {A study of braids},
  publisher = {Kluwer Academic Publishers},
  year = {1999},
  author = {Murasugi, Kunio and Kurpita, Bohdan I.},
  volume = {484},
  pages = {x+272},
  series = {Mathematics and its Applications},
  address = {Dordrecht},
  isbn = {0-7923-5767-1},
  mrclass = {20F36 (57M25)},
  mrnumber = {1731872 (2001b:20065)},
  mrreviewer = {Darren D. Long}
}

@ARTICLE{MR0506406,
  author = {Nichols, Warren D.},
  title = {Bialgebras of type one},
  journal = {Comm. Algebra},
  year = {1978},
  volume = {6},
  pages = {1521--1552},
  number = {15},
  fjournal = {Communications in Algebra},
  issn = {0092-7872},
  mrclass = {16A24},
  mrnumber = {0506406 (58 \#22150)},
  mrreviewer = {Gavin Wraith}
}

@INCOLLECTION{MR1903984,
  author = {Petkova, Valentina and Zuber, Jean-Bernard},
  title = {Conformal field theories, graphs and quantum algebras},
  booktitle = {MathPhys odyssey, 2001},
  publisher = {Birkh\"auser Boston},
  year = {2002},
  volume = {23},
  series = {Prog. Math. Phys.},
  pages = {415--435},
  address = {Boston, MA},
  mrclass = {81T40 (81-02 81R10 81R15)}
}

@ARTICLE{MR1265853,
  author = {Radford, David E.},
  title = {The trace function and {H}opf algebras},
  journal = {J. Algebra},
  year = {1994},
  volume = {163},
  pages = {583--622},
  number = {3},
  coden = {JALGA4},
  fjournal = {Journal of Algebra},
  issn = {0021-8693},
  mrclass = {16W30 (16R30)},
  mrnumber = {MR1265853 (95e:16039)},
  mrreviewer = {Evgenii E. Demidov}
}

@ARTICLE{MR1220770,
  author = {Radford, David E.},
  title = {Minimal quasitriangular {H}opf algebras},
  journal = {J. Algebra},
  year = {1993},
  volume = {157},
  pages = {285--315},
  number = {2},
  coden = {JALGA4},
  fjournal = {Journal of Algebra},
  issn = {0021-8693},
  mrclass = {16W30 (17B37)},
  mrnumber = {MR1220770 (94c:16052)},
  mrreviewer = {Andrey V. Tsiganov}
}

@ARTICLE{MR1047302,
  author = {Radford, David E.},
  title = {The group of automorphisms of a semisimple {H}opf algebra over a
	field of characteristic {$0$} is finite},
  journal = {Amer. J. Math.},
  year = {1990},
  volume = {112},
  pages = {331--357},
  number = {2},
  coden = {AJMAAN},
  fjournal = {American Journal of Mathematics},
  issn = {0002-9327},
  mrclass = {16W30 (16W20)},
  mrnumber = {MR1047302 (91b:16048)},
  mrreviewer = {E. J. Taft}
}

@ARTICLE{MR778452,
  author = {Radford, David E.},
  title = {The structure of {H}opf algebras with a projection},
  journal = {J. Algebra},
  year = {1985},
  volume = {92},
  pages = {322--347},
  number = {2},
  coden = {JALGA4},
  fjournal = {Journal of Algebra},
  issn = {0021-8693},
  mrclass = {16A24},
  mrnumber = {MR778452 (86k:16004)},
  mrreviewer = {Richard K. Molnar}
}

@ARTICLE{MR0407069,
  author = {Radford, David E.},
  title = {The order of the antipode of a finite dimensional {H}opf algebra
	is finite},
  journal = {Amer. J. Math.},
  year = {1976},
  volume = {98},
  pages = {333--355},
  number = {2},
  fjournal = {American Journal of Mathematics},
  issn = {0002-9327},
  mrclass = {16A24},
  mrnumber = {MR0407069 (53 \#10852)},
  mrreviewer = {E. J. Taft}
}

@ARTICLE{MR1228157,
  author = {Radford, David E. and Towber, Jacob},
  title = {Yetter-{D}rinfel\cprime d categories associated to an arbitrary bialgebra},
  journal = {J. Pure Appl. Algebra},
  year = {1993},
  volume = {87},
  pages = {259--279},
  number = {3},
  coden = {JPAAA2},
  fjournal = {Journal of Pure and Applied Algebra},
  issn = {0022-4049},
  mrclass = {16W30},
  mrnumber = {MR1228157 (94f:16060)},
  mrreviewer = {Bruce W. Westbury}
}

@ARTICLE{MR1632802,
  author = {Rosso, Marc},
  title = {Quantum groups and quantum shuffles},
  journal = {Invent. Math.},
  year = {1998},
  volume = {133},
  pages = {399--416},
  number = {2},
  coden = {INVMBH},
  doi = {10.1007/s002220050249},
  fjournal = {Inventiones Mathematicae},
  issn = {0020-9910},
  mrclass = {17B37 (16W35)},
  mrnumber = {1632802 (2000a:17021)},
  mrreviewer = {Anthony Joseph},
  url = {http://dx.doi.org/10.1007/s002220050249}
}

@ARTICLE{MR2594903,
  author = {Sausset, Fran{\c{c}}ois and Toninelli, Cristina and Biroli, Giulio
	and Tarjus, Gilles},
  title = {Bootstrap percolation and kinetically constrained models on hyperbolic
	lattices},
  journal = {J. Stat. Phys.},
  year = {2010},
  volume = {138},
  pages = {411--430},
  number = {1-3},
  doi = {10.1007/s10955-009-9903-1},
  fjournal = {Journal of Statistical Physics},
  issn = {0022-4715},
  mrclass = {82B43 (60K35 82B20)},
  mrnumber = {2594903 (2011d:82041)},
  mrreviewer = {Akira Sakai},
  url = {http://dx.doi.org/10.1007/s10955-009-9903-1}
}

@ARTICLE{MR1396857,
  author = {Schauenburg, Peter},
  title = {A characterization of the {B}orel-like subalgebras of quantum enveloping
	algebras},
  journal = {Comm. Algebra},
  year = {1996},
  volume = {24},
  pages = {2811--2823},
  number = {9},
  coden = {COALDM},
  doi = {10.1080/00927879608825714},
  fjournal = {Communications in Algebra},
  issn = {0092-7872},
  mrclass = {17B37 (16W30 18D10 81R50)},
  mrnumber = {1396857 (97k:17023)},
  mrreviewer = {Horia Pop},
  url = {http://dx.doi.org/10.1080/00927879608825714}
}

@ARTICLE{ST,
  author = {{Semikhatov}, A. and {Tipunin}, I.},
  title = {{The Nichols algebra of screenings}},
  journal = {Preprint: \verb+arXiv:1101.5810+}
}

@BOOK{MR0344216,
  title = {A course in arithmetic},
  publisher = {Springer-Verlag},
  year = {1973},
  author = {Serre, Jean Pierre},
  pages = {viii+115},
  address = {New York},
  note = {Translated from the French, Graduate Texts in Mathematics, No. 7},
  mrclass = {12-02 (10CXX 10DXX)},
  mrnumber = {MR0344216 (49 \#8956)}
}

@BOOK{MR0450380,
  title = {Linear representations of finite groups},
  publisher = {Springer-Verlag},
  year = {1977},
  author = {Serre, Jean-Pierre},
  pages = {x+170},
  address = {New York},
  note = {Translated from the second French edition by Leonard L. Scott, Graduate
	Texts in Mathematics, Vol. 42},
  isbn = {0-387-90190-6},
  mrclass = {20CXX},
  mrnumber = {MR0450380 (56 \#8675)},
  mrreviewer = {W. Feit}
}

@ARTICLE{MR1074758,
  author = {Shi, Wu Jie},
  title = {A characterization of {S}uzuki's simple groups},
  journal = {Proc. Amer. Math. Soc.},
  year = {1992},
  volume = {114},
  pages = {589--591},
  number = {3},
  coden = {PAMYAR},
  fjournal = {Proceedings of the American Mathematical Society},
  issn = {0002-9939},
  mrclass = {20D06},
  mrnumber = {MR1074758 (92f:20017)},
  mrreviewer = {A. V. Borovik}
}

@ARTICLE{MR2101072,
  author = {Sommerh{\"a}user, Yorck},
  title = {Ribbon transformations, integrals, and triangular decompositions},
  journal = {J. Algebra},
  year = {2004},
  volume = {282},
  pages = {423--489},
  number = {2},
  coden = {JALGA4},
  fjournal = {Journal of Algebra},
  issn = {0021-8693},
  mrclass = {16W30 (16W35)},
  mrnumber = {MR2101072 (2005h:16069)},
  mrreviewer = {Mitsuhiro Takeuchi}
}

@ARTICLE{MR1383798,
  author = {Sommerh{\"a}user, Yorck},
  title = {Deformed enveloping algebras},
  journal = {New York J. Math.},
  year = {1996},
  volume = {2},
  pages = {35--58, electronic},
  fjournal = {New York Journal of Mathematics},
  issn = {1076-9803},
  mrclass = {16W30 (16S80 17B37)},
  mrnumber = {MR1383798 (97c:16050)},
  mrreviewer = {Ian M. Musson}
}

@ARTICLE{MR0311782,
  author = {Sunday, J. G.},
  title = {Presentations of the groups {${\rm SL}(2,\,m)$} and {${\rm PSL}(2,\,m)$}},
  journal = {Canad. J. Math.},
  year = {1972},
  volume = {24},
  pages = {1129--1131},
  fjournal = {Canadian Journal of Mathematics. Journal Canadien de Math\'ematiques},
  issn = {0008-414X},
  mrclass = {20F05},
  mrnumber = {0311782 (47 \#344)},
  mrreviewer = {A. Peluso}
}

@ARTICLE{MR0136646,
  author = {Suzuki, Michio},
  title = {On a class of doubly transitive groups},
  journal = {Ann. of Math. (2)},
  year = {1962},
  volume = {75},
  pages = {105--145},
  fjournal = {Annals of Mathematics. Second Series},
  issn = {0003-486X},
  mrclass = {20.29},
  mrnumber = {MR0136646 (25 \#112)},
  mrreviewer = {W. Feit}
}

@ARTICLE{MR0242840,
  author = {Sweedler, Moss Eisenberg},
  title = {Integrals for {H}opf algebras},
  journal = {Ann. of Math. (2)},
  year = {1969},
  volume = {89},
  pages = {323--335},
  fjournal = {Annals of Mathematics. Second Series},
  issn = {0003-486X},
  mrclass = {14.50},
  mrnumber = {MR0242840 (39 \#4167)},
  mrreviewer = {R. G. Larson}
}

@ARTICLE{MR611561,
  author = {Takeuchi, Mitsuhiro},
  title = {Matched pairs of groups and bismash products of {H}opf algebras},
  journal = {Comm. Algebra},
  year = {1981},
  volume = {9},
  pages = {841--882},
  number = {8},
  coden = {COALDM},
  fjournal = {Communications in Algebra},
  issn = {0092-7872},
  mrclass = {16A24 (20E22)},
  mrnumber = {MR611561 (83f:16013)},
  mrreviewer = {E. J. Taft}
}

@ARTICLE{twisting,
  author = {{Vendramin}, L.},
  title = {{Nichols algebras associated to the transpositions of the symmetric
	group are twist-equivalent}},
  journal = {Preprint: \verb+arXiv:1011.5267+}
}

@BOOK{MR1269324,
  title = {An introduction to homological algebra},
  publisher = {Cambridge University Press},
  year = {1994},
  author = {Weibel, Charles A.},
  volume = {38},
  pages = {xiv+450},
  series = {Cambridge Studies in Advanced Mathematics},
  address = {Cambridge},
  isbn = {0-521-43500-5; 0-521-55987-1},
  mrclass = {18-01 (16-01 17-01 20-01 55Uxx)},
  mrnumber = {MR1269324 (95f:18001)},
  mrreviewer = {Kenneth A. Brown}
}

@ARTICLE{MR2217621,
  author = {Weller, Michael and Michler, Gerhard O. and Previtali, Andrea},
  title = {Thompson's sporadic group uniquely determined by the centralizer
	of a 2-central involution},
  journal = {J. Algebra},
  year = {2006},
  volume = {298},
  pages = {371--459},
  number = {2},
  coden = {JALGA4},
  fjournal = {Journal of Algebra},
  issn = {0021-8693},
  mrclass = {20D08},
  mrnumber = {MR2217621 (2006m:20022)},
  mrreviewer = {Robert A. Wilson}
}

@ARTICLE{MR994499,
  author = {Woronowicz, S. L.},
  title = {Differential calculus on compact matrix pseudogroups (quantum groups)},
  journal = {Comm. Math. Phys.},
  year = {1989},
  volume = {122},
  pages = {125--170},
  number = {1},
  coden = {CMPHAY},
  fjournal = {Communications in Mathematical Physics},
  issn = {0010-3616},
  mrclass = {58C99 (16A24 22E65 46L99 58A99 58B25 81D99)},
  mrnumber = {994499 (90g:58010)},
  mrreviewer = {C. J. Atkin},
  url = {http://projecteuclid.org/getRecord?id=euclid.cmp/1104178320}
}

@ARTICLE{MR901157,
  author = {Woronowicz, S. L.},
  title = {Compact matrix pseudogroups},
  journal = {Comm. Math. Phys.},
  year = {1987},
  volume = {111},
  pages = {613--665},
  number = {4},
  coden = {CMPHAY},
  fjournal = {Communications in Mathematical Physics},
  issn = {0010-3616},
  mrclass = {46L99 (22E65 58H05)},
  mrnumber = {901157 (88m:46079)},
  mrreviewer = {Pierre de la Harpe},
  url = {http://projecteuclid.org/getRecord?id=euclid.cmp/1104159726}
}

@ARTICLE{MR1074714,
  author = {Yetter, David N.},
  title = {Quantum groups and representations of monoidal categories},
  journal = {Math. Proc. Cambridge Philos. Soc.},
  year = {1990},
  volume = {108},
  pages = {261--290},
  number = {2},
  coden = {MPCPCO},
  fjournal = {Mathematical Proceedings of the Cambridge Philosophical Society},
  issn = {0305-0041},
  mrclass = {16W30 (18D10 46L89 57M25)},
  mrnumber = {MR1074714 (91k:16028)},
  mrreviewer = {Mitsuhiro Takeuchi}
}

@ARTICLE{MR0369497,
  author = {Zelevinski{\u\i}, A. V. and Narkunskaja, G. S.},
  title = {Representations of the group {${\rm SL}(2,\,F\sb{q})$}, where {$q=2\sp{n}$}},
  journal = {Funkcional. Anal. i Prilo\v zen.},
  year = {1974},
  volume = {8},
  pages = {75--76},
  number = {3},
  fjournal = {Akademija Nauk SSSR. Funkcional\cprime nyi Analiz i ego Prilo\v zenija},
  issn = {0374-1990},
  mrclass = {20C15},
  mrnumber = {MR0369497 (51 \#5730)},
  mrreviewer = {G. Lusztig}
}

@MISC{GAP,
  title = {The {GAP}~{G}roup},
  year = {2006},
  note = {GAP -- Groups, Algorithms, and Programming, Version 4.4.12. Available
	at \verb+http://www.gap-system.org+},
  url = {http://www.gap-system.org}
}

